@article{cao2023habituation,
  title={Habituation reflects optimal exploration over noisy perceptual samples},
  author={Cao, Anjie and Raz, Gal and Saxe, Rebecca and Frank, Michael C},
  journal={Topics in Cognitive Science},
  volume={15},
  number={2},
  pages={290--302},
  year={2023},
  publisher={Wiley Online Library}
}

@inproceedings{raz2023no,
  title={No evidence for familiarity preferences after limited exposure to visual concepts in preschoolers and infants},
  author={Raz, Gal and Cao, Anjie and Bui, Minh Khong and Frank, Michael C and Saxe, Rebecca},
  booktitle={Proceedings of the Annual Meeting of the Cognitive Science Society},
  volume={45},
  number={45},
  year={2023}
}

@inproceedings{raz2023modeling,
  title={Modeling habituation in infants and adults using rational curiosity over perceptual embeddings},
  author={Raz, Gal and Cao, Anjie and Saxe, Rebecca and Frank, Michael},
  booktitle={Intrinsically-Motivated and Open-Ended Learning Workshop@ NeurIPS2023},
  year={2023}
}

@article{schrimpf2020integrative,
  title={Integrative benchmarking to advance neurally mechanistic models of human intelligence},
  author={Schrimpf, Martin and Kubilius, Jonas and Lee, Michael J and Murty, N Apurva Ratan and Ajemian, Robert and DiCarlo, James J},
  journal={Neuron},
  volume={108},
  number={3},
  pages={413--423},
  year={2020},
  publisher={Elsevier}
}

@article{hunter1988multifactor,
  title={A multifactor model of infant preferences for novel and familiar stimuli.},
  author={Hunter, Michael A and Ames, Elinor W},
  journal={Advances in infancy research},
  year={1988},
  publisher={Elsevier/JAI Press Inc}
}

@phdthesis{lee2022rapid,
  title={Rapid Visual Object Learning in Humans is Explainable by Low-Dimensional Image Representations},
  author={Lee, Michael Jinsuk},
  year={2022},
  school={Massachusetts Institute of Technology}
}

@article{yamins2014performance,
  title={Performance-optimized hierarchical models predict neural responses in higher visual cortex},
  author={Yamins, Daniel LK and Hong, Ha and Cadieu, Charles F and Solomon, Ethan A and Seibert, Darren and DiCarlo, James J},
  journal={Proceedings of the national academy of sciences},
  volume={111},
  number={23},
  pages={8619--8624},
  year={2014},
  publisher={National Acad Sciences}
}

@article{hebart2020revealing,
  title={Revealing the multidimensional mental representations of natural objects underlying human similarity judgements},
  author={Hebart, Martin N and Zheng, Charles Y and Pereira, Francisco and Baker, Chris I},
  journal={Nature human behaviour},
  volume={4},
  number={11},
  pages={1173--1185},
  year={2020},
  publisher={Nature Publishing Group UK London}
}

@article{doshi2023cortical,
  title={Cortical topographic motifs emerge in a self-organized map of object space},
  author={Doshi, Fenil R and Konkle, Talia},
  journal={Science Advances},
  volume={9},
  number={25},
  pages={eade8187},
  year={2023},
  publisher={American Association for the Advancement of Science}
}

@article{aslin2007s,
  title={What's in a look?},
  author={Aslin, Richard N},
  journal={Developmental science},
  volume={10},
  number={1},
  pages={48--53},
  year={2007},
  publisher={Wiley Online Library}
}

@book{haith1980rules,
	Author = {Haith, Marshall M},
	Date-Added = {2022-01-28 14:36:12 -0800},
	Date-Modified = {2022-01-28 14:36:12 -0800},
	Publisher = {Lawrence Erlbaum Associates},
	Title = {Rules that babies look by: The organization of newborn visual activity},
	Year = {1980}}

@article{raz2020learning,
  title={Learning in infancy is active, endogenously motivated, and depends on the prefrontal cortices},
  author={Raz, Gal and Saxe, Rebecca},
  journal={Annual Review of Developmental Psychology},
  volume={2},
  pages={247--268},
  year={2020},
  publisher={Annual Reviews}
}

@article{baillargeon1985object,
	Author = {Baillargeon, Renee and Spelke, Elizabeth S and Wasserman, Stanley},
	Date-Added = {2022-01-28 14:38:33 -0800},
	Date-Modified = {2022-01-28 14:38:33 -0800},
	Journal = {Cognition},
	Number = {3},
	Pages = {191--208},
	Publisher = {Elsevier},
	Title = {Object permanence in five-month-old infants},
	Volume = {20},
	Year = {1985}}

  @article{fantz1963pattern,
	Author = {Fantz, Robert L},
	Date-Added = {2022-01-28 14:37:44 -0800},
	Date-Modified = {2022-01-28 14:37:44 -0800},
	Journal = {Science},
	Number = {3564},
	Pages = {296--297},
	Publisher = {American Association for the Advancement of Science},
	Title = {Pattern vision in newborn infants},
	Volume = {140},
	Year = {1963}}

@article{bergmann2016development,
  title={Development of infants' segmentation of words from native speech: A meta-analytic approach},
  author={Bergmann, Christina and Cristia, Alejandrina},
  journal={Developmental science},
  volume={19},
  number={6},
  pages={901--917},
  year={2016},
  publisher={Wiley Online Library}
}

@article{blumberg2023protracted,
  title={Protracted development of motor cortex constrains rich interpretations of infant cognition},
  author={Blumberg, Mark S and Adolph, Karen E},
  journal={Trends in cognitive sciences},
  year={2023},
  publisher={Elsevier}
}

@article{paulus2022should,
  title={Should infant psychology rely on the violation-of-expectation method? Not anymore},
  author={Paulus, Markus},
  journal={Infant and Child Development},
  volume={31},
  number={1},
  pages={e2306},
  year={2022},
  publisher={Wiley Online Library}
}

@article{haith1998put,
  title={Who put the cog in infant cognition? Is rich interpretation too costly?},
  author={Haith, Marshall M},
  journal={Infant behavior and development},
  volume={21},
  number={2},
  pages={167--179},
  year={1998},
  publisher={Elsevier}
}

@article{kidd2012goldilocks,
  title={The Goldilocks effect: Human infants allocate attention to visual sequences that are neither too simple nor too complex},
  author={Kidd, Celeste and Piantadosi, Steven T and Aslin, Richard N},
  journal={PloS one},
  volume={7},
  number={5},
  pages={e36399},
  year={2012},
  publisher={Public Library of Science San Francisco, USA}
}

@article{poli2023eight,
  title={Eight-month-old infants meta-learn by downweighting irrelevant evidence},
  author={Poli, Francesco and Ghilardi, Tommaso and Mars, Rogier B and Hinne, Max and Hunnius, Sabine},
  journal={Open Mind},
  volume={7},
  pages={141--155},
  year={2023},
  publisher={MIT Press One Broadway, 12th Floor, Cambridge, Massachusetts 02142, USA~â€¦}
}

@article{poli2020infants,
  title={Infants tailor their attention to maximize learning},
  author={Poli, F and Serino, G and Mars, RB and Hunnius, S},
  journal={Science advances},
  volume={6},
  number={39},
  pages={eabb5053},
  year={2020},
  publisher={American Association for the Advancement of Science}
}

@article{liu2017ten,
  title={Ten-month-old infants infer the value of goals from the costs of actions},
  author={Liu, Shari and Ullman, Tomer D and Tenenbaum, Joshua B and Spelke, Elizabeth S},
  journal={Science},
  volume={358},
  number={6366},
  pages={1038--1041},
  year={2017},
  publisher={American Association for the Advancement of Science}
}

@article{teglas2011pure,
  title={Pure reasoning in 12-month-old infants as probabilistic inference},
  author={T{\'e}gl{\'a}s, Ern{\H{o}} and Vul, Edward and Girotto, Vittorio and Gonzalez, Michel and Tenenbaum, Joshua B and Bonatti, Luca L},
  journal={science},
  volume={332},
  number={6033},
  pages={1054--1059},
  year={2011},
  publisher={American Association for the Advancement of Science}
}

@article{zhuang2021unsupervised,
  title={Unsupervised neural network models of the ventral visual stream},
  author={Zhuang, Chengxu and Yan, Siming and Nayebi, Aran and Schrimpf, Martin and Frank, Michael C and DiCarlo, James J and Yamins, Daniel LK},
  journal={Proceedings of the National Academy of Sciences},
  volume={118},
  number={3},
  pages={e2014196118},
  year={2021},
  publisher={National Acad Sciences}
}

@article{orhan2023can,
  title={What can generic neural networks learn from a child's visual experience?},
  author={Orhan, A Emin and Lake, Brenden M},
  journal={arXiv preprint arXiv:2305.15372},
  year={2023}
}

@article{anderson1991human,
  title={Is human cognition adaptive?},
  author={Anderson, John R},
  journal={Behavioral and brain sciences},
  volume={14},
  number={3},
  pages={471--485},
  year={1991},
  publisher={Cambridge University Press}
}

@article{lieder2020resource,
  title={Resource-rational analysis: Understanding human cognition as the optimal use of limited computational resources},
  author={Lieder, Falk and Griffiths, Thomas L},
  journal={Behavioral and brain sciences},
  volume={43},
  pages={e1},
  year={2020},
  publisher={Cambridge University Press}
}

@article{oaksford1994rational,
  title={A rational analysis of the selection task as optimal data selection.},
  author={Oaksford, Mike and Chater, Nick},
  journal={Psychological Review},
  volume={101},
  number={4},
  pages={608},
  year={1994},
  publisher={American Psychological Association}
}